@book{maintext,
	author = {Stallings, William},
	title = {Cryptography and Network Security: Principles and Practice},
	date = {2011},
	edition={5},
	publisher = {Prentice Hall}
}

@book{alttext,
	author = {Schneier, Bruce},
	title = {Applied Cryptography},
	date = {1996},
	edition={5},
	publisher = {John Wiley \& Sons Inc}
}

@article{sdes_anal,
	author = { Jacob   Konikoff  and  Seth   Toplosky },
	title = {Analysis of Simplified DES Algorithms},
	journal = {Cryptologia},
	volume = {34},
	number = {3},
	pages = {211-224},
	year = {2010},	
}

@article{sans,
	author = {Gargiulo, Joe},
	title = {S-Box Modifications and Their Effect in DES-like Encryption Systems},
	journal = {SANS Institute InfoSec Reading Room},
	year = {2002}
}

@misc{lecture,
	author = {Liu, Wan-Quan},
	title = {Lecture 3: Coding},
	date = {2017},
	organization = {Curtin University},
}
