@book{maintext,
	author = {Stallings, William},
	title = {Cryptography and Network Security: Principles and Practice},
	date = {2011},
	edition={5},
	publisher = {Prentice Hall}
}

@book{alttext,
	author = {Schneier, Bruce},
	title = {Applied Cryptography},
	date = {1996},
	edition={5},
	publisher = {John Wiley \& Sons Inc}
}

@misc{lecture,
	author = {Liu, Wan-Quan},
	title = {Lecture 3: Coding},
	date = {2017},
	organization = {Curtin University},
}

@article{source_coding,
	author = { Wiegand, Thomas \& Schwarz, Heiko},
	title = {Source Coding: Part I of Fundamentals of Source and Video Coding},
	journal = {Foundations and Trends in Signal Processing},
	volume = {4},
	year = {2011}
}